<?xml version="1.0" encoding="UTF-8"?><collection xmlns="http://www.loc.gov/MARC21/slim"><record><leader>00330nam--2200121-i-4500</leader><controlfield tag="001">000027451</controlfield><controlfield tag="002">20161230</controlfield><controlfield tag="005">20161230201036</controlfield><controlfield tag="008">060222s1000------------r-----000-0-eng-d</controlfield><datafield ind1=" " ind2=" " tag="100"><subfield code="a">Korn, Gr.A. And Theresa M.Korn</subfield></datafield><datafield ind1=" " ind2=" " tag="245"><subfield code="a">Electronics analog computers (d-c analog computers)</subfield></datafield><datafield ind1=" " ind2=" " tag="260"><subfield code="a">New York, Mcgraw Hill, 1956</subfield></datafield><datafield ind1=" " ind2=" " tag="852"><subfield code="a">12380</subfield></datafield></record></collection>